
    <record>
        <leader>00000cz  a2200000n  4500</leader>
        <controlfield tag="001">vf0002</controlfield>
        <controlfield tag="005">20180831</controlfield>
        <datafield tag="100" ind1="1" ind2=" ">
            <subfield code="a">Olson, Tod</subfield>
        </datafield>
        <datafield tag="245" ind1="0" ind2="3">
            <subfield code="a">An unauthorized anthology of test records</subfield>
        </datafield>
        <datafield tag="500" ind1=" " ind2=" ">
            <subfield code="a">A test record for browses</subfield>
        </datafield>
    </record>