
    <record>
        <leader>00000cz  a2200000n  4500</leader>
        <controlfield tag="001">vf0006</controlfield>
        <controlfield tag="005">20180104</controlfield>
        <datafield tag="100" ind1="1" ind2=" ">
            <subfield code="a">Olson, Tod</subfield>
        </datafield>
        <datafield tag="245" ind1="0" ind2="2">
            <subfield code="a">A common title</subfield>
        </datafield>
        <datafield tag="250" ind1=" " ind2=" ">
            <subfield code="a">Third edition</subfield>
        </datafield>
        <datafield tag="500" ind1=" " ind2=" ">
            <subfield code="a">A test record for browses</subfield>
        </datafield>
        <datafield tag="500" ind1=" " ind2=" ">
            <subfield code="a">Test data for multiple records with the same title</subfield>
        </datafield>
    </record>
</collection>
